
@book{bloch_proofs_2011,
	title={Proofs and {Fundamentals}},
	author={Bloch, Ethan D.},
	publisher={Springer},
	year={2011},
	edition={2},
	series={Undergraduate {Texts} in {Mathematics}},
	language={english}
}
